@book{hastie_elements,
 author 		= "Hastie, Trevor and Tibshirani, Robert and Friedman, Jerome",
 title 		= "The Elements of Statistical Learning: Data Mining, Inference, and Prediction",
 year 		= "2009",
 chapter 	= "",
 volume 		= "2",
 pages 		= "",
 publisher 	= "Springer-Verlag New York",
 copyright 	= "Springer-Verlag New York"
}
@article{zou_sparsepca,
  author 	= {Zou, Hui and Hastie, Trevor and Tibshirani, Robert},
  title 		= {Sparse Principal Component Analysis},
  journal 	= {Journal of Computational and Graphical Statistics},
  volume 	= {15},
  number 	= {2},
  pages 		= {265-286},
  year  		= {2006},
  publisher 	= {Taylor & Francis},
  URL 		= {https://doi.org/10.1198/106186006X113430}
}

@book{foucart,
 author 	= {Foucart, Simon and Rauhut, Holger},
 title 		= {A Mathematical Introduction to Compressive Sensing},
 year 		= {2013},
 volume  	= {1},
 publisher 	= {Birkh{\"a}user Basel},
 copyright 	= {Springer Science+Business Media New York}
} 