@book{elad,
 author = "Michael Elad",
 title = "Sparse and Redundant Representations: 
			From Theory to Applications in Signal and Image 								Processing",
 year = "2010",
 chapter = "",
 volume = "1",
 language = "English",
 pages = "376",
 publisher = "Springer Science+Business Media"
}

@book{foucart,
 author 		= "Simon Foucart, Holger Rauhut",
 title 		= "A Mathematical Introduction to Compressive Sensing",
 year 		= "2013",
 chapter 	= "",
 volume 		= "1",
 language 	= "English",
 pages 		= "625",
 publisher 	= "Birkh{\"a}user Basel",
 copyright 	= "Springer Science+Business Media New York"
}

@book{hastie_elements,
 author 		= "Trevor Hastie, Robert Tibshirani, Jerome Friedman",
 title 		= "The Elements of Statistical Learning: Data Mining, Inference, and Prediction",
 year 		= "2009",
 chapter 	= "",
 volume 		= "2",
 language 	= "English",
 pages 		= "745",
 publisher 	= "Springer-Verlag New York",
 copyright 	= "Springer-Verlag New York"
}


@article{gribonval,
  author    = {R{\'{e}}mi Gribonval and
               Rodolphe Jenatton and
               Francis R. Bach},
  title     = {Sparse and spurious: dictionary learning with noise and outliers},
  journal   = {CoRR},
  volume    = {abs/1407.5155},
  year      = {2014},
  url       = {http://arxiv.org/abs/1407.5155},
  archivePrefix = {arXiv},
  eprint    = {1407.5155},
  timestamp = {Mon, 13 Aug 2018 16:46:05 +0200},
  biburl    = {https://dblp.org/rec/bib/journals/corr/GribonvalJB14},
  bibsource = {dblp computer science bibliography, https://dblp.org}
}

@article{jenatton,
  author    = {Rodolphe Jenatton, Guillaume Obozinski, Francis R. Bach},
  title     = {Structured Sparse Principal Component Analysis},
  journal   = {Artificial Intelligence and Statistics (AISTATS)},
  volume    = {9},
  year      = {2010},
  url       = {https://arxiv.org/abs/0909.1440},
}

@article{johnstone,
  author 	= {Iain M. Johnstone and Arthur Yu Lu},
  title 		= {On Consistency and Sparsity for Principal Components Analysis in High Dimensions},
  journal 	= {Journal of the American Statistical Association},
  volume 	= {104},
  number 	= {486},
  pages 		= {682-693},
  year  		= {2009},
  publisher 	= {Taylor & Francis},
  doi 		= {10.1198/jasa.2009.0121},
  note 		= {PMID: 20617121},
  URL 		= {https://doi.org/10.1198/jasa.2009.0121},
  eprint 	= {https://doi.org/10.1198/jasa.2009.0121}
}

@article{yata,
  author 	= {Kazuyoshi Yata and Makoto Aoshima},
  title 		= {Effective PCA for high-dimension, low-sample-size data with noise reduction via geometric representations},
  journal 	= {Journal of Multivariate Analysis},
  volume 	= {105},
  number 	= {1},
  pages 		= {193-215},
  year  		= {2012},
  publisher 	= {Elsevier},
  URL 		= {https://doi.org/10.1016/j.jmva.2011.09.002}
}

@inproceedings{mairal,
  author 	= {Julien Mairal, Francis Bach, Jean Ponce, Guillermo Sapiro},
  title	 	= {Online Dictionary Learning for Sparse Coding},
  booktitle 	= {Proceedings of the 26th Annual International Conference on Machine Learning},
  series 	= {ICML '09},
  year 		= {2009},
  pages 		= {689--696},
  url 		= {http://doi.acm.org/10.1145/1553374.1553463},
  doi 		= {10.1145/1553374.1553463},
  publisher 	= {ACM}
} 

@article{tibshirani_lasso,
  author 	= {Robert Tibshirani},
  title 		= {Regression Shrinkage and Selection via the Lasso},
  journal 	= {Journal of the Royal Statistical Society. Series B (Methodological)},
  number 	= {1},
  pages 		= {267--288},
  publisher = {[Royal Statistical Society, Wiley]},
  volume 	= {58},
  year 		= {1996},
  URL 		= {http://www.jstor.org/stable/2346178}
}

@article{tibshirani_uniqueness,
  author 	= {Ryan J. Tibshirani},
  title 		= {The Lasso Problem and Uniqueness},
  year 		= {2012},
  URL 		= {https://arxiv.org/abs/1206.0313}
}

@article{zou_elasticnet,
  author 	= {Hui Zou and Trevor Hastie},
  title 		= {Regularization and Variable Selection via the Elastic Net},
  journal 	= {Journal of the Royal Statistical Society. Series B (Statistical Methodology)},
  number 	= {2},
  pages 		= {301--320},
  publisher 	= {[Royal Statistical Society, Wiley]},
  volume 	= {67},
  year 		= {2005},
  URL 		= {http://www.jstor.org/stable/3647580}
}

@article{zou_sparsepca,
  author 	= {Hui Zou and Trevor Hastie and Robert Tibshirani},
  title 		= {Sparse Principal Component Analysis},
  journal 	= {Journal of Computational and Graphical Statistics},
  volume 	= {15},
  number 	= {2},
  pages 		= {265-286},
  year  		= {2006},
  publisher 	= {Taylor & Francis},
  doi 		= {10.1198/106186006X113430},
  URL 		= {https://doi.org/10.1198/106186006X113430}
}

@ARTICLE{zou_overview,
  author		= {Hui Zou and Lingzhou Xue},
  title		= {A Selective Overview of Sparse Principal Component Analysis},
  journal	= {Proceedings of the IEEE},
  volume		= {106},
  number		= {8},
  pages		= {1311-1320},
  year		= {2018},
  doi		= {10.1109/JPROC.2018.2846588},
  url 		= {https://ieeexplore.ieee.org/document/8412518}
}

@article{efron_lars,
  author		= {Tibshirani, Robert and Johnstone, Iain and Hastie, Trevor and Efron, Bradley},
  title		= {Least angle regression},
  journal	= {The Annals of Statistics},
  volume		= {32},
  number		= {2},
  pages		= {407â€“499},
  year		= {2004},
  publisher	= {Institute of Mathematical Statistics},
  DOI		= {10.1214/009053604000000067},
  url		= {http://dx.doi.org/10.1214/009053604000000067}
}


